2694 4671
764 304 826 373 C
864 303 927 379 A
971 296 1030 373 P
1084 301 1154 374 U
1203 303 1268 373 T
1353 300 1407 373 I.
1815 334 1822 339 ·
1979 353 1985 365 -
2000 328 2069 392 31

101 448 563 547 cacochymicis
591 503 615 537 ‚
667 448 1053 550 plethoricis
1075 509 1096 541 ,
1158 459 1232 526 ἀ
1270 446 1457 525 valde
1503 449 1709 525 obefis
1749 478 1774 541 3
1847 444 2067 555 pulsue

105 580 299 659 parvus
331 553 516 626 celer
544 560 622 624 in
649 556 874 626 morbi
903 561 1227 654 principio
1257 555 1429 626 male
1458 562 1790 628 ominatur
1827 583 1851 644 3
1915 558 2065 629 Ma-

126 660 241 731 culae
278 681 497 757 parvae
545 663 622 729 ἀ
665 662 738 727 ni
786 684 868 727 rae
915 677 1023 729 aut
1068 656 1274 729 lividae
1320 658 1494 730 male
1540 653 2010 757 portendebant
2042 685 2064 730 ε

194 762 314 833 'bus
373 785 544 831 vero
586 753 741 830 flori
788 783 840 829 ae
883 757 1269 861 'tempestive
1326 756 1713 860 prodierunt
1740 817 1761 849 ‚
1826 784 2064 859 nempe

129 789 210 935 dile
226 880 458 963 quarto
488 855 605 933 seu
642 858 1031 933 indicatorio
1060 918 1082 950 ,
1112 857 1259 935 ‘sub
1298 867 1583 962 legitima
1625 862 2027 935 medicatione
2044 918 2064 949 ‚
2094 876 2246 947 signa
2282 889 2343 940 n

130 966 581 1067 utplurimum
628 959 903 1041 servatos
945 963 1124 1053 vidi,
1205 964 1311 1036 alii
1358 986 1576 1039 autem
1616 1014 1637 1055 ‚
1706 972 1780 1037 in
1834 964 2064 1066 quibus
2088 948 2354 1069 {gfff-'¹‘

128 1066 249 1140 tales
291 1066 587 1151 maculat*
613 1060 808 1140 serius
852 1060 957 1140 vel
1001 1064 1273 1149 instante
1334 1065 1441 1140 die
1482 1074 1697 1141 critica
1746 1063 1862 1140 sub
1909 1072 2068 1140 cuti·

123 1171 243 1243 cula
288 1164 566 1242 obscure
631 1189 1056 1270 proreperent
1080 1227 1103 1260 ‚
1164 1167 1574 1272 septimoque
1629 1169 1736 1243 die
1780 1169 1884 1242 vel
1940 1175 2068 1242 im-

120 1269 378 1346 mediate
417 1270 571 1374 post
596 1328 618 1360 ‚
683 1274 891 1373 magis
934 1268 1422 1345 debilitarentur
1448 1330 1469 1361 ‚
1531 1300 1604 1344 ac
1637 1279 1816 1373 pejus
1868 1273 2067 1346 habe-

117 1395 248 1448 rent
285 1379 356 1449 ὅ(
382 1398 528 1446 non
569 1371 819 1447 evasere
848 1403 870 1461 3
931 1374 1197 1469 exitialis
1238 1400 1502 1476 quoque
1541 1401 1713 1475 aegro
1753 1394 1824 1446 ut
1863 1374 2065 1475 pluri-

122 1503 296 1549 mum
325 1471 453 1548 fuit
484 1533 509 1565 ‚
569 1472 622 1548 fi
648 1533 670 1567 ‚
734 1496 963 1577 praeter
1004 1471 1262 1576 pulsum
1300 1504 1337 1546 a
1368 1480 1691 1578 principio
1733 1474 2067 1576 infigniter
2195 1524 2210 1537 -

130 1605 375 1678 parvum
395 1636 415 1668 ‚
467 1575 758 1651 debilem
787 1587 854 1652 ὅ(
883 1576 1213 1666 celerem,
1276 1585 1465 1650 urina
1511 1604 1771 1679 quoque
1809 1573 2068 1678 semper
2166 1606 2172 1619 ·

130 1701 361 1753 maneat
386 1677 524 1757 sani
567 1679 809 1767 coloris
849 1684 919 1753 ὅ(
947 1679 1361 1753 confistentiae
1389 1708 1413 1769 3
1473 1678 1525 1752 fi
1563 1698 1837 1780 aegrotus
1882 1706 2068 1751 men·

122 1801 183 1854 te
216 1780 639 1857 consternatus
679 1779 745 1856 se
787 1810 928 1854 non
965 1774 1269 1883 aegrotare
1298 1840 1319 1870 ,
1379 1780 1470 1853 ast
1513 1782 1677 1855 bene
1724 1783 1960 1854 habere
1997 1787 2070 1855 dc

124 1893 425 1958 continuo
473 1881 716 1957 esurire
754 1904 936 1987 putet
962 1915 986 1976 3
1047 1883 1097 1957 fi
1141 1913 1297 1960 cum
1336 1910 1575 1985 magna
1615 1881 1904 1956 faucium
1943 1882 2067 1955 lin-

125 2014 373 2088 guaeque
400 1987 699 2060 ariditate
772 2015 957 2075 arum
986 1988 1157 2061 bibat
1182 2018 1205 2078 3
1259 1993 1692 2088 continuaque
1726 1984 1882 2058 adfit
1910 2012 2068 2077 ocu-

128 2088 327 2161 lorum
396 2089 695 2186 lacrymo
724 2118 760 2161 a
825 2088 1149 2162 distillatio
1196 2118 1214 2164 ε
1287 2093 1425 2162 haec
1487 2095 1664 2162 enim
1719 2095 1787 2166 ὅ(
1835 2084 2069 2160 similia

130 2186 543 2292 symptomata
576 2251 598 2281 ,
670 2188 719 2264 fi
762 2220 904 2264 non
953 2212 1206 2266 certum
1246 2184 1587 2266 interitum
1610 2249 1630 2282 ,
1691 2185 1918 2263 saltem
1961 2213 2069 2261 ex-

139 2310 391 2368 tremum
434 2302 581 2369 vitae
639 2290 983 2369 discrimen
1030 2294 1358 2370 denotant.
1498 2298 1727 2369 Certus
1784 2290 2069 2395 denique

141 2407 575 2494 pronunciatur
634 2405 924 2472 interitus
961 2456 981 2488 ‚
1044 2398 1099 2471 st
1151 2405 1315 2471 circa
1366 2405 1666 2470 criticum
1717 2391 1829 2468 seu
1878 2388 2068 2496 septi·
2145 2467 2150 2476 ,

135 2525 301 2570 mum
328 2498 507 2574 di'em
539 2559 560 2591 ‚
627 2508 813 2573 urina
846 2510 917 2574 in
947 2500 1176 2586 eadem
1216 2498 1655 2603 perseverante
1680 2501 1964 2578 bonitate
1992 2504 2066 2571 δί

139 2600 391 2676 claritate
420 2662 441 2694 ,
509 2602 833 2677 delirium?
854 2612 1059 2700 majus
1092 2604 1254 2690 fiat3
1322 2600 1374 2675 fi
1400 2601 1526 2676 fitis
1567 2621 1745 2675 acuta
1785 2599 1864 2673 fit
1909 2627 2068 2674 cum

139 2719 285 2776 tanta
320 2705 556 2808 linguae
597 2703 1017 2808 fauciumque
1059 2705 1345 2780 ariditate
1373 2764 1394 2794 ‚
1456 2724 1529 2777 ut
1571 2731 1738 2806 aeger
1778 2730 1918 2776 non
1943 2699 2065 2775 nifi

140 2808 504 2882 inarticulate
534 2806 768 2910 loqui,
831 2837 1043 2910 neque
1068 2808 1191 2881 nifi
1232 2835 1388 2880 cum
1427 2805 1798 2880 difficultate
1838 2802 2065 2906 deglu-

143 2912 250 2980 tire
286 2932 515 3011 queat3
576 2908 628 2984 fi
660 2908 890 2984 -adsmt
933 2908 1448 2999 Convulfiones3
1515 2906 1774 3010 insuper
1813 2906 1884 2979 fi*
1935 2913 2064 2980 exi-

143 3017 261 3107 guis
304 3021 367 3088 &
392 3009 585 3086 fuscis
625 3010 740 3086 sub
782 3015 1055 3087 cuticula
1097 3006 1366 3086 obscure
1412 3011 1887 3113 emergentibus
1929 3037 2065 3081 ma·

146 3114 304 3203 culis,
329 3115 452 3187 alvi
482 3114 689 3189 fluxus
718 3111 1148 3217 superveniat,
1178 3140 1358 3188 mors
1387 3122 1458 3187 in
1533 3120 1861 3214 ropinquo
1893 3109 2001 3183 est.
2172 3186 2176 3189 ,

267 3222 323 3288 E
360 3229 586 3291 contra
612 3245 768 3292 vero
793 3214 842 3290 fi
868 3216 1082 3321 pulsus
1124 3218 1200 3290 fit
1243 3222 1437 3290 nimis
1526 3216 1707 3289 ebilis
1737 3274 1759 3304 ,
1818 3222 1885 3288 ἀ
1908 3212 1961 3286 fi
1987 3210 2065 3286 fit
2095 3217 2246 3314 sigga}
2273 3230 2400 3298 satu·

146 3316 530 3394 mediocriter
572 3348 844 3422 magnus
876 3376 898 3410 ‚
966 3329 1034 3395 δε
1075 3348 1215 3393 non
1252 3342 1481 3420 praeter
1519 3317 1800 3392 modum
1847 3316 2063 3407 celer3
2094 3313 2240 3382 “t‘’-

141 3416 178 3489 fi
217 3419 513 3495 delirium
552 3423 691 3498 leve
734 3433 801 3498 ὅ(
839 3419 1181 3506 ὶηΐοωηίό
1228 3450 1425 3523 quam
1471 3419 1703 3495 delirio
1746 3419 2062 3518 fimili31s3

136 3519 174 3591 fi
195 3522 403 3627 lingua
437 3553 581 3618 non
614 3523 972 3600 admodum
1003 3525 1163 3597 ficca
1192 3580 1212 3613 ,
1272 3524 1530 3625 fitisque
1563 3522 1905 3596 tolerabilis
1933 3521 2009 3593 fit
2038 3550 2062 3611 5

134 3621 175 3695 fi
212 3629 473 3700 macula:
519 3627 642 3700 fint
677 3627 884 3718 rubra
910 3687 930 3716 ‚
982 3623 1335 3726 majuseulae
1370 3684 1389 3714 ,
1442 3627 1722 3701 rotunda
1749 3680 1776 3715 2
1830 3630 2012 3698 clara
2036 3679 2059 3713 ‚

135 3728 197 3803 θ’
217 3731 552 3824 Asthala,
600 3730 651 3802 fi
675 3731 820 3832 post
845 3738 1110 3804 tertium
1137 3728 1316 3802 diem
1345 3749 1724 3830 erumpant3
1769 3735 1841 3801 ὅ(
1871 3735 2060 3816 urina

135 3838 273 3904 circa
312 3831 490 3906 idem
532 3852 791 3934 tempus
831 3835 1021 3906 rubra
1049 3840 1117 3907 ὅ(
1143 3827 1414 3930 obscura
1433 3888 1463 3928 ,
1525 3831 1629 3904 vel
1672 3858 1827 3902 cum
1864 3829 2062 3902 nube·-

131 3933 253 4005 eula
278 3931 615 4034 spectetur,
656 3937 910 4007 bonnm
938 3938 1094 4016 hinc
1125 3936 1475 4034 laetumque
1501 3929 1834 4034 praesagire
1865 3957 2059 4029 opor·
2113 3994 2117 3997 ⁴

124 4052 202 4110 tet
234 4041 537 4112 eventum
566 4095 590 4126 ‚
658 4045 774 4139 qui
801 4036 936 4111 fine
976 4035 1177 4114 dubio
1210 4032 1488 4138 septimo
1530 4033 1634 4108 die
1671 4030 2025 4202 insequitthr
2040 4088 2060 4117 ‚
2165 4065 2168 4068 ⁷

1800 4160 1972 4234 quan
2017 4158 2061 4204 o
